@Book{eco2,
    Author      = {Marc Wildi},
    Title       = {An Introduction to Conditional Volatility Models},
    Year        = {2020},
    Publisher   = {ZHAW}, 
    Address     = {Winterthur},
    Pages       = {32}
}

@Book{eco1,
    Author      = {Marc Wildi},
    Title       = {Econometrics 1: Time Series Analysis},
    Year        = {2017},
    Publisher   = {ZHAW}, 
    Address     = {Winterthur},
    Pages       = {221}
}

@Misc{slide_MA,
    Author      = {Marc Wildi},
    Title       = {Econometrics II: Moving Average (MA) Filters},
    Year        = {2020},
    Publisher   = {ZHAW}, 
    Pages       = {72},
    Note        = {Lecturere Slides}
}

